2671 3352
160 1524 221 1564 10.

162 1722 223 1760 11.

161 1852 224 1891 12.

160 1982 224 2021 13.

162 2115 226 2153 14.

164 2185 224 2219 ξι).

163 2309 226 2348 16.

162 2452 224 2492 17.

162 2583 226 2623 18.

163 2714 225 2754 19.

1239 207 1295 251 16

797 335 831 372 b.
860 335 1094 380 Simplicia
1126 346 1210 373 non
1241 339 1347 374 sunt
1375 336 1514 373 verbu
1545 336 1723 374 Attica:
2130 388 2159 408 ι

272 427 643 480 παρευδιάζεσθαι
671 432 937 478 tranquillitate
966 430 1039 468 frui
1076 433 1114 469 in
1144 432 1183 475 4,
1213 432 1278 480 32,
1306 432 1355 470 53
1410 423 1515 483 ἦγον
1542 431 1616 483 τὴν
1645 428 1815 485 εῖρὴνην
1842 424 1912 471 ἀεὶ
1941 427 2358 481 παρευδιαζόμενοι.

272 492 372 535 Εόδ.
403 502 459 534 cst
485 497 634 533 verbum
663 499 854 542 poetarum
882 498 1080 542 praecipue
1109 498 1364 535 recentiorum.

269 561 552 611 παρακοιτεῒν
580 561 750 598 excubias
778 571 890 607 agere
918 561 1015 606 apud
1057 560 1094 606 6,
1124 561 1189 608 33,
1228 561 1303 599 123
1340 560 1420 609 μία
1449 559 1496 606 ἐξ
1523 556 1709 600 ἁπασῶν
1736 556 1835 599 καθ’
1866 554 2031 612 ἡμέραν
2069 561 2235 614 σημαία
2265 558 2353 602 άνὰ

269 626 398 678 μέρος
426 623 485 678 τῷ
514 623 736 676 στρατηγῷ
767 626 1038 674 παρακοιτεῖ.
1099 626 1135 670 6,
1167 626 1230 674 35,
1264 626 1324 665 12.

711 724 805 762 Hoe
833 724 932 762 loco
961 725 1100 761 etiam
1130 725 1400 762 mentionem
1429 723 1552 763 facio
1580 725 1816 764 verborum

268 818 691 871 παραδειγματίζειν,
722 823 818 869 quod
848 834 918 860 non
949 821 1101 859 verbum
1132 824 1283 869 simplex
1313 823 1425 860 habet
1452 826 1490 859 et
1516 833 1560 859 ex
1589 823 1701 861 subst.
1736 818 2015 872 παράδειγμα
2043 821 2246 859 derivatum
2275 828 2356 862 est:

271 890 473 934 exemplum
502 889 610 924 edero
639 888 676 923 iu
706 888 869 934 aliquem„
890 882 1020 937 (τινά)
1053 887 1114 934 15,
1127 886 1193 933 32,
1215 887 1290 925 153
1321 883 1729 935 παραδειγματίζειν
1755 884 1854 932 τοὺς
1877 884 2056 924 πάντων
2099 881 2187 922 τᾶν
2217 893 2358 933 gagg„

270 948 441 997 αἰτίους.
499 952 540 999 2,
568 951 633 994 60,
668 953 716 995 75
744 957 781 989 et

272 1015 636 1068 παραγωγιάζειν,
654 1019 750 1064 quod
779 1029 821 1055 ex
841 1019 953 1055 subst.
984 1014 1262 1065 παραγώγιον
1291 1018 1413 1054 fictum
1442 1019 1538 1063 apud
1560 1029 1667 1055 uuum
1697 1019 1887 1066 Polybium
1905 1022 1943 1058 iu
1962 1034 2027 1059 usu
2056 1029 2131 1062 est:
2149 1029 2352 1071 portorium

272 1085 420 1129 exigere
461 1083 509 1119 ab
549 1080 585 1125 3,
631 1081 670 1124 2,
712 1081 759 1118 5:
807 1076 1049 1131 ἀποστῆναι
1085 1078 1159 1119 τοῦ
1200 1078 1547 1132 παραγωγιάζειν
1579 1079 1676 1126 τούς
1715 1080 1926 1128 πλέοντας
1969 1083 2030 1129 εἰς
2062 1085 2138 1126 τὸν
2166 1087 2361 1132 Ilduro».

271 1148 311 1194 4,
340 1146 405 1194 44,
436 1146 462 1185 4
532 1146 569 1194 4,
600 1145 667 1193 46,
698 1146 733 1185 6.

658 1308 710 1352 B.
746 1309 957 1365 Praeter,
993 1309 1122 1365 falso,
1159 1309 1277 1352 malo
1314 1308 1477 1366 animo,
1514 1309 1744 1353 contrarie
1780 1315 1870 1355 etc.

886 1415 1126 1461 Simplicia
1154 1420 1258 1452 sunt
1287 1415 1422 1453 verbo.
1450 1416 1631 1453 Attica:

266 1519 619 1573 παραβραβεύειν
660 1524 795 1559 iniuste
834 1523 1010 1568 iudicare,
1051 1534 1132 1559 cum
1164 1524 1296 1569 aliquis
1325 1524 1437 1561 alium
1464 1527 1672 1569 praetereat
1699 1528 1737 1561 et
1764 1525 1910 1562 omittat
1938 1524 2004 1572 23,
2030 1526 2066 1573 1,
2098 1526 2172 1565 123
2227 1526 2350 1580 &ynu-

269 1587 441 1634 λοΐντες
480 1589 569 1631 τοῖς
607 1587 810 1636 κρίμασιν
854 1579 909 1630 ὥς
948 1586 1435 1636 παραβεθραβευμένοις
1489 1583 1821 1636 διαφθείροντος
1858 1587 1932 1627 τοῦ
1977 1588 2204 1629 Φιλίππου
2245 1590 2346 1638 τούς

272 1653 478 1697 δικαστάς
546 1649 788 1702 Βραβεύειν
816 1648 869 1689 τὰ
898 1649 1043 1688 δίκαια
1071 1665 1130 1698 ap.
1160 1654 1264 1691 Dem.
1295 1665 1329 1699 p.
1359 1652 1413 1691 36
1442 1659 1521 1691 est:
1550 1656 1606 1690 ius
1634 1654 1768 1692 dicere.

271 1716 642 1770 παραμιλλᾶσθαι
682 1723 867 1756 certamen
907 1720 1014 1764 inire,
1060 1720 1098 1755 in
1152 1730 1222 1766 quo
1262 1720 1357 1756 alius
1394 1720 1505 1757 alium
1545 1720 1748 1765 praeterire
1776 1720 1899 1758 studet
1934 1719 1992 1767 12,
2028 1719 2089 1770 10,
2119 1720 2164 1759 43
2220 1718 2356 1779 ταῦτ’

269 1782 588 1835 παρημίλληται
618 1780 710 1827 τοὺς
740 1778 898 1828 ἄλλους
925 1779 1216 1832 συγγραφέας.

267 1848 626 1899 παραβιάζεσθαι
655 1855 886 1895 superantem
913 1852 1009 1897 alqd.
1025 1852 1061 1886 vi
1077 1849 1253 1894 perficere
1282 1850 1428 1887 studere
1457 1849 1524 1895 24,
1555 1848 1616 1894 10,
1648 1848 1692 1887 3:
1721 1844 1818 1888 οὔτε
1847 1847 2112 1899 φιλονεικεῖν
2138 1847 2354 1890 εἰώθασιν

268 1910 368 1953 οὔτε
396 1910 755 1964 παραβιάζεσθαι
784 1909 885 1961 περὶ
912 1909 1131 1952 τοιούτων.
1188 1914 1255 1960 21,
1282 1913 1349 1958 27,
1381 1915 1415 1952 7.

265 1975 617 2029 παρολισθάνειν
644 1991 667 2016 a
695 1984 797 2016 recta
824 1982 884 2017 via
921 1981 1068 2026 paulum
1097 1980 1272 2016 aberrare
1302 1979 1369 2023 31,
1398 1979 1465 2025 25,
1497 1979 1541 2016 13
1575 1971 1741 2015 Ῥόδιοι
1768 1971 1906 2015 τᾶλλα
1935 1975 2142 2030 σῴζοντες
2183 1979 2260 2029 τὴν
2287 1979 2366 2019 τοῦ

268 2041 578 2093 πολιτεύματος
607 2043 883 2090 προστασίαν
907 2040 1046 2093 βραχὺ
1078 2039 1376 2092 παρώλισθον.

270 2107 555 2159 παροπλίζειν
583 2112 696 2148 armis
724 2113 871 2156 privare
899 2109 965 2154 33,
998 2110 1062 2154 11,
1095 2108 1166 2147 13.·
1197 2106 1476 2158 παροπλίσας
1505 2105 1602 2151 τούς
1631 2103 2002 2157 ἀντιταξαμένους.
2045 2109 2082 2159 2,
2113 2110 2150 2156 7,
2181 2108 2243 2149 10.

264 2172 497 2225 παροπτᾶν
525 2186 703 2212 summum
744 2186 874 2221 corpus
916 2180 1069 2220 torrere,
1105 2175 1261 2212 adurere
1293 2174 1356 2221 12,
1391 2174 1457 2224 25,
1486 2174 1536 2212 23
1579 2168 1692 2211 ὥστε
1732 2169 2049 2224 ἐκπυρουμένου
2092 2172 2170 2213 τοῦ
2196 2169 2358 2224 χαλκοῦ

271 2239 346 2280 τόν
373 2235 613 2288 ἄνθρωπον
643 2237 922 2288 πανταχόθεν
951 2235 1296 2289 παροπτώμενον
1327 2237 1688 2288 διαφθείρεσθαι.

270 2301 568 2355 παρασιωπᾶν
608 2307 751 2343 silentio
793 2307 995 2351 praeterire
1040 2304 1103 2352 10,
1140 2305 1205 2351 27.
1243 2308 1288 2343 7:
1344 2305 1445 2353 περὶ
1482 2294 1544 2343 ὧν
1572 2301 1645 2342 καὶ
1671 2301 1720 2342 τό
1749 2302 1890 2352 λέγειν
1918 2300 2025 2343 κατὰ
2050 2304 2179 2356 μέρος
2205 2305 2277 2343 καὶ
2303 2301 2355 2343 τὸ

271 2367 570 2420 παρασιωπᾶν
599 2366 686 2416 ἔχει
713 2367 811 2407 τινὰ
841 2363 1041 2418 ἀπορίαν.
1098 2370 1136 2417 2,
1169 2370 1232 2417 13,
1263 2371 1297 2409 7.
1355 2369 1392 2415 3,
1427 2369 1488 2418 15,
1521 2368 1583 2410 11.
1639 2368 1678 2414 3,
1708 2369 1773 2417 21,
1806 2370 1838 2409 1.
1898 2369 1938 2416 9,
1964 2369 2030 2416 35,
2058 2370 2094 2409 7.
2151 2369 2297 2416 20.11,
2314 2370 2352 2410 1.

268 2443 617 2498 παρεκδέχεσθαι
634 2443 671 2496 *)
701 2449 797 2485 malo
821 2449 943 2485 animo
971 2452 1138 2494 repetere
1167 2460 1190 2486 a
1223 2447 1285 2496 15,
1314 2446 1381 2494 25,
1394 2446 1472 2486 353
1501 2441 1668 2490 πολλὰς
1695 2443 1758 2490 εἰς
1783 2441 1909 2484 τοῦτο
1937 2441 1987 2483 τὸ
2013 2444 2141 2497 μέρος
2168 2437 2350 2493 εὐπόρει

271 2509 582 2561 πιθανότητας,
611 2507 688 2553 τὰς
714 2509 795 2558 μὲν
823 2507 869 2548 ἐκ
897 2508 982 2547 τῶν
1008 2510 1336 2562 συμβαινόντων
1365 2509 1736 2560 παρεκδεχόμενος
1764 2511 1834 2548 καὶ
1862 2507 2138 2559 διαστρέφειν
2162 2507 2237 2553 τὰς
2264 2506 2327 2547 δέ.
2345 2539 2357 2549 .

267 2577 642 2628 παρεισέρχεσθαι
670 2578 809 2626 furtim,
838 2580 935 2616 malo
964 2581 1086 2617 animo
1116 2581 1252 2626 venire,
1282 2581 1445 2625 irrepere
1474 2577 1512 2621 2,
1541 2577 1609 2626 55,
1637 2576 1688 2615 33
1723 2571 1996 2626 παρεισῆλθε
2024 2570 2174 2623 λάθρα
2203 2569 2358 2618 νυκτὸς

270 2642 390 2688 ἐντὸς
416 2640 503 2681 τῶν
531 2639 699 2690 τειχῶν.
759 2643 797 2689 1,
827 2643 865 2689 7,
894 2642 931 2682 3.
991 2643 1028 2689 1,
1058 2643 1096 2689 8,
1125 2645 1162 2683 4.
1221 2644 1261 2690 5,
1291 2643 1356 2690 50,
1386 2643 1450 2683 13.
1508 2643 1545 2691 8,
1575 2641 1640 2690 20,
1674 2641 1737 2681 11.
1795 2640 1835 2686 8,
1862 2639 1928 2685 22,
1958 2639 1994 2680 9.
2054 2639 2119 2688 18,
2147 2639 2212 2688 53,
2243 2640 2280 2680 9.

271 2705 711 2759 παρυπομιμνήσκειν
750 2710 815 2757 „in
856 2711 1013 2746 transitu
1054 2709 1363 2748 commemorare⁶⁴
1412 2709 1615 2755 Schweigh.
1644 2706 1681 2753 5,
1710 2705 1780 2752 31,
1808 2705 1855 2744 33
1901 2705 2182 2753 πεπείσμεθα
2209 2717 2367 2754 παρα-

274 2771 500 2818 σκευάζειν
529 2769 763 2827 ὲμπειρίαν
791 2769 837 2811 ἐκ
865 2770 941 2810 τοΐ·
967 2770 1044 2816 τοὶς
1073 2769 1264 2811 ἑκάστων
1292 2769 1426 2824 ἀρχὰς
1454 2773 1526 2809 καὶ
1557 2769 1804 2813 συντελείας
1831 2768 2281 2819 παρυπομιμνὴσκειν.

159 2868 417 2883 -η--ο-

357 2925 389 2956 *ι
414 2923 473 2957 Pol
507 2924 541 2957 in
566 2923 679 2967 Steph.
702 2926 786 2960 thee.
811 2935 877 2959 non
902 2923 1080 2967 profertur.
