2671 3352
1334 213 1397 257 24

271 345 330 383 14.
372 341 726 382 συνδιανοεῖσθαι
763 354 835 379 una
875 342 1082 379 deliberare
1110 340 1147 388 3,
1177 340 1242 386 68,
1275 340 1344 378 152
1384 332 1510 383 αὐτὸς
1550 336 1768 387 ἐπιμελῶς
1795 336 2022 391 συνήδρευε
2049 336 2108 391 τῷ
2134 337 2318 398 Ποπλίῳ
2349 332 2466 384 περὶ

271 475 332 513 15.

270 603 332 642 16.

271 733 332 771 17.

271 862 334 901 18.

272 992 331 1031 19.

269 1121 334 1161 20.

269 1252 337 1290 21.

270 1380 336 1420 22.

270 1512 335 1557 23.

270 1639 336 1677 24.

271 1770 337 1809 25.

271 1901 338 1939 26.

273 2097 336 2134 27.

272 2292 339 2330 28.

275 2423 340 2462 29.

276 2618 341 2656 30.

278 2749 345 2787 31.

375 408 464 447 τῶν
491 404 720 458 παρόντων
749 401 1142 454 συνδιανοοὺμενος.
1197 403 1238 454 2,
1265 404 1332 453 54,
1364 405 1426 445 14.

372 469 664 521 συνδιατηρεῖν
701 484 775 509 una
814 482 1029 509 conservare
1060 470 1098 515 2,
1128 470 1193 517 58,
1221 470 1268 508 3:
1306 468 1348 507 οἳ
1380 468 1489 518 μετὰ
1520 470 1602 507 τῶν
1640 466 1821 516 Ἀχαιῶν
1855 467 2156 523 συνδιετῆρουν
2182 473 2255 528 τῆν
2282 469 2465 516 &nom-

377 537 510 586 μένην
539 528 685 578 αι”τοῖς
714 532 990 574 κατάστασιν.

372 600 637 641 συνεκκαίειν
682 603 789 638 simul
826 601 1070 646 inflammare,
1106 602 1265 638 excitare
1305 599 1345 647 3,
1387 600 1449 644 14,
1492 600 1540 638 3:
1593 592 1667 641 οὓς
1701 594 1915 651 ἧρέθισαν
1951 597 2139 648 μάλιστα
2170 603 2251 652 μὲν
2291 601 2336 642 m‘
2377 603 2464 643 τῶν

371 660 598 703 Ὀλκάδων
626 660 827 716 φυγάδες,
855 663 1148 702 συνέκκαυσαν
1177 660 1225 701 δὲ
1254 663 1324 701 καὶ
1354 659 1440 701 τῶν
1468 661 1514 702 ἐκ
1541 660 1611 714 τῆς
1634 656 1905 714 Ἐλμαντικῆς
1930 660 1974 703 οἱ
1999 661 2305 714 διασωθέντες.

372 728 738 769 συνεκκαλεῖσθαι
777 730 882 766 simul
918 730 1077 766 excitare
1120 728 1184 775 11,
1217 729 1282 775 18,
1309 729 1356 766 2:
1398 723 1457 773 εἷς
1495 724 1726 767 ἐπίστασιν
1768 722 1863 776 ἄγει
1900 726 1999 775 τούς
2038 724 2350 782 ἀναγινώσκειν
2376 733 2464 772 θέ-

380 795 534 840 λοντας
563 796 633 833 καὶ
663 791 982 832 συνεκκαλεῖται
1014 789 1123 841 πρός
1151 792 1227 844 τὴν
1256 788 1498 842 ἀνάγνωσιν
1526 790 1624 840 τοὺς
1652 789 1991 845 ἐντυγχάνοντας.
2051 794 2114 843 18,
2146 797 2208 845 19,
2243 799 2304 837 11.

377 858 686 908 συνεκχεῖσθαι
732 861 839 897 simul
870 871 908 896 se
948 859 1136 897 effundere
1177 860 1215 905 9,
1254 859 1291 907 9,
1337 859 1385 897 7:
1435 855 1775 906 Λακεδαιμόνιοι
1813 857 1866 914 τῇ
1902 856 2047 915 πρώτῃ
2088 858 2246 905 πάντες
2279 857 2458 915 άγγελία

379 923 707 973 συνεκχυθέντες
733 920 809 971 τὴν
839 919 1039 973 Σπάρτην
1067 919 1247 962 ἔσωσαν.
1308 924 1371 970 11,
1398 925 1459 970 14,
1493 922 1527 961 7.

375 987 645 1038 συνεξαίρειν
673 990 780 1026 simul
809 987 990 1035 proficisci
1023 986 1085 1036 12,
1114 988 1152 1035 5,
1182 987 1233 1025 8:
1270 984 1433 1025 τούτων
1464 985 1514 1037 δὴ
1551 998 1672 1031 τινας
1710 985 1795 1025 τῶν
1835 984 2047 1040 γυναικῶν
2072 987 2318 1041 Ισυνεξάραι
2345 989 2457 1040 μετά

380 1052 449 1104 τῆς
477 1050 692 1097 ἀποικίας.
745 1048 948 1103 Ἐξαίρειν
976 1055 1054 1092 Att.
1083 1058 1162 1092 est:
1189 1055 1330 1101 tollere,
1357 1064 1417 1099 ap.
1448 1055 1550 1092 Poh:
1580 1055 1774 1100 proficisci.

374 1115 675 1168 συνεμβαίνειν
702 1120 807 1156 simul
836 1119 951 1165 adire,
982 1120 1076 1156 inire
1108 1118 1145 1166 1,
1172 1117 1239 1164 20,
1270 1119 1314 1156 72
1350 1112 1560 1170 ὅρμησαν
1596 1115 1670 1156 ἐπὶ
1709 1115 1758 1156 τό
1798 1118 2097 1168 συνεμβαίνειν
2124 1120 2214 1165 τοῖς
2242 1119 2472 1171 Καρχηδο-

382 1183 490 1228 νίοις
520 1178 578 1226 εἷς
606 1179 682 1233 τὴν
710 1179 949 1222 θάλατταν.
1006 1183 1170 1229 Metaph.
1202 1182 1264 1230 16,
1294 1182 1361 1228 26,
1393 1182 1429 1222 6.
1605 1180 1611 1184 ’

380 1247 718 1298 συνεπιβάλλειν
754 1250 860 1286 simul
888 1250 1050 1287 incidere
1085 1248 1125 1293 2,
1165 1247 1232 1295 56,
1270 1250 1321 1287 4:
1361 1243 1445 1287 ὅσα
1475 1246 1785 1296 συνεπιβάλλει
1811 1250 1900 1295 τοῖς
1926 1243 2003 1299 ὕφ’
2029 1242 2142 1300 ἧμῶν
2169 1253 2468 1302 γραφομένοις

384 1317 559 1363 καιροῖς.
616 1317 730 1352 Simul
760 1315 994 1352 considerare
1020 1316 1057 1361 4,
1086 1313 1151 1360 38,
1179 1314 1218 1351 4,

381 1379 715 1429 συνεπιβοηθεῖν
762 1379 868 1416 simul
908 1380 1043 1417 auxilio
1085 1381 1209 1416 venire
1251 1379 1290 1422 4,
1330 1377 1396 1426 69,
1431 1378 1482 1416 42
1536 1375 1585 1415 τό
1621 1376 1702 1429 γὰρ
1740 1381 1908 1429 πρῶτον
1941 1373 2081 1417 αὐτῶν
2119 1374 2159 1418 οἱ
2194 1378 2464 1431 προεστῶτες

382 1440 686 1493 ὑπελάμβανον
713 1440 800 1479 τῶν
823 1437 1005 1490 ’Λχαιῶν
1035 1437 1175 1479 αὗτῶν
1202 1453 1324 1485 τινας
1352 1442 1833 1495 συνεπιβεβοηθηκέναι.

377 1505 742 1547 συνεπιδεικνὺειν
782 1510 889 1544 simul
930 1510 1124 1545 ostendere
1160 1508 1198 1555 3,
1229 1508 1295 1554 38,
1322 1508 1369 1545 5:
1405 1504 1457 1558 τῇ
1485 1506 1657 1554 διανοίᾳ
1689 1505 1766 1557 χρὴ
1793 1505 2091 1548 συνδιανεύειν
2120 1506 2190 1548 καὶ
2235 1511 2470 1562 συρρέπειν

379 1571 455 1614 ἐπὶ
484 1567 583 1618 τοῦς
610 1566 796 1620 τρόπους
824 1563 892 1609 ἀεὶ
921 1567 1018 1615 τοῦς
1047 1567 1122 1610 διὰ
1150 1567 1279 1618 λόγου
1309 1566 1759 1620 συνεπιδεικνυμένους
1825 1570 1891 1622 33,
1921 1572 1960 1620 5,
1994 1573 2028 1612 1.

379 1633 711 1676 συνεπιδιδόναι
740 1638 845 1673 simul
875 1638 1051 1683 praebere
1085 1636 1153 1679 32,
1181 1636 1246 1685 20,
1279 1637 1354 1674 10:
1390 1633 1691 1674 συνεπέδωκαν
1720 1630 1873 1681 αὖτοῠς
1901 1633 1961 1681 εἷς
1988 1635 2036 1675 τό
2066 1634 2364 1687 συνεπισχύειν
2402 1640 2474 1677 καὶ

380 1702 610 1741 κοινωνεῖν.
669 1701 736 1747 32,
768 1699 830 1749 10,
861 1701 898 1740 5.
2292 1687 2306 1699 ⁰

376 1765 691 1817 συνεπικυροῦν
719 1769 823 1805 simul
855 1768 1093 1813 comprobare
1123 1766 1161 1813 6,
1179 1766 1241 1814 16,
1270 1766 1315 1804 2:
1350 1759 1373 1816 ἦ
1405 1763 1628 1816 σύγκλητος
1657 1762 1707 1805 οὐ
1737 1764 1915 1806 δύναται
1945 1765 2176 1816 συντελεῖν,
2203 1762 2258 1807 ἂν
2285 1766 2344 1820 μὴ
2369 1776 2469 1808 συν-

381 1831 625 1886 επικυρώσῃ
652 1830 701 1871 τό
732 1829 1147 1882 πρῷεβουλευμένον
1176 1825 1200 1869 ό
1232 1827 1370 1883 δῆμος.
1427 1831 1491 1879 21,
1520 1831 1587 1880 24,
1615 1832 1650 1871 3.

379 1900 648 1938 συνεπινοεῖν
677 1901 781 1936 simul
812 1901 976 1944 cogitare
1011 1898 1048 1946 8,
1082 1899 1145 1943 17,
1172 1897 1216 1934 2:
1256 1895 1392 1943 λέγων
1436 1891 1492 1938 ὦς
1520 1892 1639 1934 οὐδὲν
1674 1893 1728 1935 ἂν
1762 1897 1821 1950 τῷ
1852 1897 2028 1945 βασιλεῖ
2060 1898 2202 1948 μεῖζον
2241 1900 2470 1949 χαρίσαιτο

381 1961 490 2003 κατὰ
517 1960 614 2006 τοὺς
643 1959 874 2007 ὲνεστῶτας
902 1960 1073 2011 καιρούς
1112 1956 1138 2013 ἢ
1166 1957 1482 2011 συνεπινοήσαις
1512 1960 1601 2006 πῶς
1635 1965 1706 2000 καὶ
1736 1963 1820 2001 τίνι
1844 1959 1990 2014 τρόπῳ
2020 1960 2197 2003 δόναται
2227 1962 2367 2003 σῶσαι
2396 1961 2473 2003 τόν

377 2024 564 2078 Ἀχαιόν.

378 2094 833 2145 συνεπισημαίνεσθαι
877 2095 981 2130 simul
1024 2094 1290 2140 reprehendere
1323 2094 1360 2137 4,
1396 2093 1462 2137 24,
1491 2094 1538 2131 4:
1581 2086 1603 2130 ό
1649 2091 1729 2142 γὰρ
1771 2092 1991 2137 Φίλιππος
2030 2091 2085 2132 τά
2120 2089 2207 2132 κατ’
2239 2092 2358 2132 ἰδίαν
2385 2093 2470 2134 τῶν

385 2157 616 2208 συμμάχων
660 2151 719 2201 εἰς
748 2150 900 2199 αὐτοῦς
928 2150 1174 2208 ἀδικήματα
1213 2153 1422 2205 καθήκειν
1451 2152 1615 2208 ἔφησεν
1639 2150 1754 2210 αὖτῷ
1779 2157 1906 2208 μέχρι
1934 2156 2065 2207 λόγου
2106 2161 2175 2199 καὶ
2215 2156 2481 2211 γραμμάτων

385 2224 593 2275 διορθοῦν
621 2224 692 2262 καὶ
724 2222 1189 2274 συνεπισημαίνεσθαι.

382 2285 749 2338 συμμεταδιδόναι
788 2290 893 2325 simul
921 2291 1198 2332 ,communicare
1239 2288 1276 2329 5,
1316 2288 1383 2333 36,
1418 2288 1463 2325 2:
1512 2282 1622 2340 αὐτῷ
1665 2283 1755 2336 ἅμα
1791 2284 2086 2336 συμμετέδωκε
2127 2285 2199 2338 τῆς
2253 2286 2473 2339 ἐπιβολῆς.

391 2356 453 2401 12,
487 2355 549 2403 16,
579 2354 612 2393 6.

384 2419 792 2469 συμμετατίθεσθαι
832 2420 938 2456 simul
977 2420 1111 2456 mutari
1149 2418 1186 2464 9,
1228 2418 1294 2465 23,
1332 2418 1378 2456 4:
1425 2412 1761 2467 ἀναγκαζόμενος
1795 2419 1890 2461 ταῖς
1927 2414 2011 2456 τῶν
2041 2416 2307 2468 πραγμάτων
2333 2429 2474 2468 μετα-

384 2484 536 2536 βολαῖς
565 2482 982 2535 συμμετατίθεσθαι.
1043 2484 1108 2532 18,
1136 2483 1201 2533 30,
1233 2485 1274 2529 7;
1305 2486 1383 2524 sim.
1412 2485 1450 2533 9,
1483 2484 1547 2534 23,
1577 2484 1602 2524 8
1630 2491 1667 2523 et
1698 2484 1762 2534 10,
1790 2483 1856 2532 36,
1886 2484 1909 2522 7
1939 2483 2325 2533 συμμεταπίπτειν,
2373 2486 2472 2534 quod

390 2553 539 2591 verbum
567 2553 641 2590 iam
669 2560 729 2597 ap.
759 2551 930 2588 Aeschiu.
961 2551 1107 2597 legitur.

385 2615 774 2667 συμπαρακεῖσθαι
787 2613 824 2663 *)
853 2618 957 2653 simu!
987 2616 1152 2652 additum
1180 2626 1259 2652 esse
1289 2615 1328 2663 6,
1356 2615 1422 2661 53,
1453 2614 1497 2652 8:
1524 2607 1679 2664 ῥάβδοι
1709 2615 1780 2652 καὶ
1810 2612 2003 2661 πελέκεις
2030 2615 2099 2652 καὶ
2128 2607 2266 2653 τᾶλλα
2294 2612 2347 2652 τά
2375 2615 2473 2658 ταῖς

387 2676 537 2731 α’ρχαῖς
564 2677 758 2720 εἰωθότα
786 2678 1174 2733 συμπαρακεῖσθαι
1202 2681 1467 2731 προηγεῖται.

384 2743 723 2799 συμπαραπλεῖν
775 2747 882 2784 simul
933 2748 1034 2783 iuxta
1079 2747 1234 2792 aliquem
1277 2748 1451 2793 navigare
1496 2746 1534 2792 5,
1580 2744 1645 2791 68,
1697 2744 1748 2783 9:
1784 2741 2227 2793 κατεστρατοπέδευσε
2269 2744 2368 2793 περὶ
2402 2739 2488 2781 τόν

390 2807 625 2860 Δαμούραν
656 2807 866 2860 ποταμόν,
894 2808 1312 2859 συμπαραπλέοντος
1341 2801 1434 2858 ἅμα
1462 2807 1533 2847 καὶ
1559 2805 1791 2858 Διογνήτου
1821 2804 1895 2846 τοῦ
1923 2805 2160 2859 ναυάρχου.

476 2918 510 2957 *)
535 2917 605 2952 Pol.
630 2918 663 2949 in
688 2915 801 2959 Steph.
826 2916 912 2949 thoe.
935 2925 1000 2948 non
1025 2915 1197 2959 profertur.
