2671 3352
196 351 261 388 14.

197 479 263 519 15.

211 608 280 647 16.

203 675 266 713 17.

207 807 270 843 18.

205 937 268 974 19.

202 999 271 1040 20.

204 1172 271 1211 21.

204 1410 274 1448 22.

202 1606 271 1646 23.

1271 220 1331 267 10

304 342 574 397 ἒιδεσμεύειν
622 354 839 388 connectere
883 347 972 400 (fest
1010 345 1228 398 verbinden)
1273 351 1312 396 3,
1352 348 1418 393 38,
1448 351 1492 389 8:
1534 345 1796 398 ἐνδεσμεύων
1829 344 1904 402 τὴν
1932 324 2142 403 ἑκατέρων
2170 349 2315 389 πίστιν
2344 346 2402 394 εἶς

305 405 393 452 α’λλ
408 410 500 451 ’λου
525 444 533 451 .

310 425 555 527 ἐκκύῖβεύεςιν
583 480 698 526 (iacta
726 476 825 529 alea)
852 481 1027 518 audacter
1055 480 1256 525 periclitari
1291 482 1326 527 1,
1348 480 1414 525 87,
1428 482 1452 519 8
1467 494 1479 517 =
1507 477 1734 528 μέλλοντες
1762 475 2006 527 ἐκκυβεύειν
2033 472 2143 533 ὑπὲρ
2170 480 2254 520 τοῖν
2281 474 2402 521 ὅλων.

309 543 347 588 2,
377 543 444 592 63,
478 546 513 583 2.
571 543 609 591 3,
642 544 706 594 94,
734 546 772 583 4.

320 603 637 645 ὶκσιωπᾶσθαι
664 618 815 655 prorsus
843 609 892 646 ad
919 610 1101 646 silentium
1131 611 1249 655 redigi
1280 608 1346 655 28,
1374 612 1411 657 4,
1446 612 1511 648 13:
1539 608 1827 662 ἐκσιωπηθεῑς
1854 608 1955 661 περὶ
1979 606 2066 648 τῶν
2092 604 2276 661 ὁμήρων.

308 669 545 747 &Qash
574 676 717 712 animos
743 675 973 721 despondere
1004 674 1067 719 11,
1110 674 1172 721 17,
1202 677 1248 712 6:
1283 670 1378 713 τότε
1416 670 1467 724 δὴ
1500 672 1657 720 πάντες
1691 669 2043 725 ὲξαθυμῆσαντες
2083 668 2298 727 ἀπέρρεον
2325 668 2402 715 a’n‘

309 750 459 776 αυτου.

314 799 547 854 ἱξαπορεῖν
576 805 683 841 valde
710 804 859 841 dubium
888 814 977 848 esse,
1006 806 1147 841 nescire
1190 806 1276 851 quid
1314 805 1522 843 faciendum
1571 809 1622 844 sit
1649 805 1688 853 3,
1716 806 1787 853 48,
1814 807 1861 844 4:
1918 801 2026 843 κατὰ
2068 800 2213 842 πάντα
2242 802 2405 857 τρόπον

319 866 647 916 ἑξαποροῦντες.
708 873 745 916 1,
773 867 841 914 62,
872 869 904 907 1.
962 868 1001 915 3,
1030 869 1099 914 47,
1128 872 1164 909 9.
1220 870 1259 913 4,
1288 869 1354 914 34,
1389 875 1421 910 1.
1481 870 1546 918 16,
1575 872 1641 918 34,
1668 874 1703 911 6.

311 928 605 986 ὲξερμηνεύειν
633 934 681 986 ad
710 934 858 971 verbum
887 939 1099 973 convertere
1127 934 1165 979 2,
1199 935 1259 979 15,
1291 935 1316 973 9
1331 949 1344 972 =
1372 933 1421 972 τὸ
1449 933 1576 984 τράνς
1604 931 1991 988 ὲξερμηνευόμενόν
2021 931 2113 973 ἔστι
2143 935 2292 985 πέραν.

310 997 476 1050 ἑξηχεῖν
504 1001 695 1037 enuntiare
723 999 791 1046 30,
818 1002 855 1042 4,
886 1000 937 1040 72
968 995 1076 1037 κατὰ
1105 996 1185 1050 τῆν
1215 998 1454 1052 παροιμίαν
1481 996 1530 1039 τὸ
1560 997 1751 1039 κύκνειον
1778 996 2065 1052 ἒξηχὴσαντες.

1008 1087 1304 1133 Polybiannm
1328 1089 1506 1125 verbum
1535 1093 1622 1126 est:

312 1169 509 1245 ἐκληρεέν
556 1175 665 1211 valde
693 1175 816 1220 inepte
845 1185 884 1211 se
913 1184 1040 1220 gerere
1074 1175 1137 1219 15,
1166 1174 1230 1220 25,
1276 1173 1329 1211 8:
1388 1171 1670 1221 μυχθὶζοντες
1698 1173 1770 1211 καὶ
1798 1170 2175 1224 διαψιθυρίζοντες
2216 1170 2408 1227 ὲξελὴρη·

313 1248 396 1275 σαν
425 1248 562 1282 ουτως
592 1232 703 1275 ω’στε
732 1264 742 1275 .
775 1266 786 1276 .
816 1265 827 1276 .

849 1325 883 1363 b.
915 1325 1148 1371 Simplicia
1176 1335 1260 1361 uon
1291 1329 1401 1362 sunt
1428 1325 1567 1362 verba
1596 1326 1768 1362 Attieax

319 1408 611 1458 ὲκθεατρίζειν
654 1416 740 1447 ante
780 1414 938 1448 omnium
978 1413 1101 1448 oculos
1129 1413 1167 1447 in
1197 1421 1342 1447 scenam
1371 1412 1571 1456 producere
1602 1413 1771 1457 aliquem,
1800 1422 1979 1456 exponere
2007 1414 2212 1456 spectaculo
2234 1411 2348 1457 11,8,
2365 1413 2405 1452 7:

315 1473 370 1513 τὰ
404 1469 607 1528 πάρεργα
638 1472 860 1524 ζηλοῦντες
900 1470 1009 1524 μετὰ
1039 1469 1207 1527 βλάβης
1248 1469 1567 1524 ἐκθεατρίζουσι
1608 1471 1685 1524 τὴν
1719 1468 1876 1514 ἑαυτῶν
1911 1468 2119 1527 ἀκρισίαν.
2178 1477 2216 1524 3,
2245 1475 2312 1522 91,
2342 1476 2403 1517 10.

314 1543 475 1589 Simplex
507 1547 564 1580 est
593 1543 744 1580 verbum
773 1544 897 1590 script.
926 1551 998 1580 rec.

316 1604 654 1654 ἐξεριθευέσθαι
695 1608 862 1645 mercede
901 1610 1004 1653 quasi
1044 1608 1195 1661 allicere.
1235 1609 1298 1654 10,
1327 1606 1394 1651 22,
1425 1609 1474 1643 92
1531 1602 1849 1654 ἐξεριθεύονται
1877 1602 1972 1650 τούς
1998 1604 2116 1648 νέους
2144 1604 2216 1645 καὶ
2261 1618 2402 1657 παρα-

315 1668 599 1719 σκευάζονται
629 1664 780 1716 εἷῖνους
807 1667 1134 1719 συναγωνιστάς.

1258 1795 1337 1836 Ἐν.

1217 1876 1287 1934 In,
1322 1875 1393 1920 ad.

910 1985 942 2011 a.
974 1973 1213 2019 Simplicia
1240 1976 1346 2010 sunt
1375 1971 1517 2009 verba
1545 1971 1720 2008 Attica:

262 2091 271 2099 .
318 2055 576 2111 ἑγχωννύναι
604 2066 741 2100 terram
771 2064 962 2108 aggestum
985 2060 1143 2099 *fundere
1171 2062 1224 2107 in,
1252 2064 1352 2098 terra
1379 2062 1532 2106 aggesta
1559 2059 1711 2106 implere
1746 2056 1995 2109 (zuschutten)
2024 2061 2062 2106 4,
2092 2060 2157 2106 40,
2184 2061 2232 2098 42
2262 2059 2404 2112 φαμὲν

317 2124 369 2177 δὴ
400 2126 538 2180 χρόνῳ
568 2120 810 2178 ὁλοσχερῶς
837 2121 1200 2177 ἐγχωσθήσεσθαι
1226 2120 1300 2162 τήν
1328 2136 1374 2162 τε
1401 2121 1598 2161 Μαιῶτιν
1622 2120 1690 2161 xvi
1716 2120 1864 2160 τοῦτον
1891 2119 1979 2172 (τὸν
2006 2118 2204 2174 Πόντον).

311 2188 750 2245 ἐμπαρρησιάζεσθαι
776 2193 892 2230 libere
920 2193 1021 2238 loqui
1049 2193 1087 2228 in
1115 2192 1272 2243 aliquem
1303 2192 1371 2237 38,
1414 2188 1475 2233 10,
1520 2190 1567 2226 ‘lx
1616 2185 1901 2225 κατανίστατο
1941 2185 2017 2236 μὲν
2051 2189 2135 2226 τῶν
2173 2183 2405 2238 ἀρχόντων,

316 2255 703 2307 ἐνεπαρρησιάζετο
734 2253 783 2296 δὲ
810 2255 899 2300 τοῖς
926 2254 1013 2294 τῶν
1035 2247 1261 2305 (Ρωμαίων
1289 2253 1582 2308 πρεσβευταῖς.

313 2320 511 2362 evacuet»
552 2333 722 2361 exercere
773 2321 809 2370 1,
854 2319 921 2367 63,
960 2320 1003 2359 9:
1060 2317 1106 2357 ἐν
1139 2316 1351 2362 τοιούτοις
1390 2315 1461 2356 καὶ
1495 2315 1758 2368 τηλικούτοις
1786 2314 2107 2369 ἐνασκήσαντες,
2137 2313 2403 2366 ἒπεβάλοντο

312 2386 366 2444 τῇ
392 2387 476 2427 τῶν
505 2383 615 2425 ὅλων
641 2380 856 2440 ἡγεμονίᾳ.

312 2451 623 2504 ὄνννκτερεύειν
651 2459 866 2500 pernoctare
894 2455 933 2491 in
963 2452 1001 2497 3,
1031 2451 1096 2495 22,
1129 2450 1198 2490 13:
1227 2448 1274 2489 ὲν
1301 2452 1351 2504 v?
1374 2446 1494 2503 χώρᾳ
1521 2444 1578 2500 μὴ
1611 2443 2033 2501 ὲννυκτερευέτωσαν.

313 2518 514 2569 ἑνορμεῖν
542 2521 590 2557 ad
622 2530 793 2557 ancoram
823 2519 1021 2557 consistere
1049 2520 1087 2555 in
1119 2517 1181 2565 16,
1211 2516 1276 2564 29,
1307 2515 1383 2554 13ε
1410 2507 1452 2567 (ἦ
1493 2510 1637 2564 πόλις)
1666 2508 1753 2560 ἔχει
1783 2509 1937 2561 λιμένα
1965 2509 2201 2561 δυνάμενον
2228 2509 2404 2550 σκέπειν

310 2581 411 2631 τούς
439 2581 739 2635 ἐνορμοῦντας.

314 2646 685 2701 ἕναπερείδεσθαι
713 2651 889 2696 conicere,
919 2651 1079 2696 dirigere
1116 2649 1253 2696 aliquid
1300 2649 1338 2686 in
1379 2647 1537 2694 aliquem
1579 2644 1644 2693 22,
1675 2644 1740 2691 17,
1761 2642 1810 2682 22
1837 2639 2148 2695 ἐναπερείσατο
2174 2638 2251 2694 τήν
2279 2636 2406 2691 ὀργὴν

308 2712 370 2762 εἷς
396 2712 497 2760 τοὺς
524 2713 800 2763 Μαρωνίτας.

1022 2800 1185 2847 Polybi
1197 2809 1283 2837 ana
1310 2797 1449 2835 verba
1476 2800 1594 2834 sunt:

306 2886 568 2939 ἐγγεύεσθαι
597 2890 794 2936 degustare
826 2888 866 2933 7,
897 2887 958 2935 13,
989 2886 1041 2923 7:
1069 2878 1375 2933 ἔγγευσάμενος
1403 2878 1585 2931 αἵματος
1613 2874 1907 2928 ἀνθρωπείου.
1966 2881 2030 2921 18,
2060 2879 2122 2923 11,
2163 2879 2187 2915 7
2225 2876 2285 2927 (ex
2313 2887 2399 2914 con·

308 2958 392 2994 ieet.
422 2952 659 3004 Schweigh.)
