2671 3352
204 354 266 392 48.

204 485 267 522 49.

202 614 266 653 50.

201 745 264 784 51.

201 875 270 913 52.

201 1006 266 1045 53.

201 1136 265 1176 54.

201 1269 267 1308 55.

200 1399 265 1438 56.

201 1464 268 1503 57.

201 1528 269 1567 58.

204 1778 271 1817 59.

203 1907 266 1945 60.

204 2036 268 2075 61.

203 2166 267 2206 62.

202 2427 266 2467 63.

203 2558 266 2598 64.

204 2754 272 2795 65.

1274 224 1333 268 26

308 347 628 403 συνεκπληροῦν
656 353 760 389 simul
789 353 933 397 explere
961 351 999 398 3,
1030 351 1094 395 78,
1124 352 1175 389 5:
1216 347 1355 401 ἔκρινε
1383 350 1456 402 τὴν
1482 349 1684 404 ταχίστην
1711 344 2018 401 ἀναζευγνύειν
2048 357 2117 396 καὶ
2148 354 2393 409 συνεκπλη-

312 413 415 465 ροῦν
441 414 518 463 τὰς
546 411 629 454 τῶν
658 411 884 463 δυνάμεων
912 408 1058 464 ὁρμάς.
1119 417 1180 463 14,
1209 417 1247 465 4,
1277 417 1316 456 3.
1376 418 1438 467 16,
1468 418 1533 466 28,
1563 418 1597 456 2.
1656 418 1720 465 32,
1754 418 1793 464 9,
1826 419 1859 458 1.

309 481 667 520 συνεκποιεῖσθαι
698 486 907 519 contentum
935 493 1013 520 esse
1042 481 1079 531 6,
1107 482 1172 529 49,
1197 484 1244 520 7:
1292 479 1650 527 συνεξεποιοῦντο
1678 485 1771 528 ταῖς
1801 478 1846 522 ὲκ
1873 481 1944 536 τῆς
1972 485 2224 538 Λακωνικῆς
2257 484 2392 538 αὗτῆς

313 545 573 596 ἐπαρκείαις,
624 540 744 585 Ἐκπ.
775 559 856 585 cum
884 548 1085 585 sufficiendi
1126 551 1272 586 notione
1313 560 1356 585 ex
1385 550 1573 596 Hippocr„
1612 551 1713 595 Hdt.,
1742 551 1923 596 Theophr.
1966 557 2052 589 aute
2083 553 2162 592 Pol.
2194 556 2393 601 profertur.

307 611 648 656 συνεξίστασθαι
672 615 773 650 simui
805 624 964 661 surgere,
992 616 1142 651 excitari
1171 616 1219 651 ad
1248 626 1407 660 pugnum
1432 614 1470 662 3,
1486 615 1610 663 34,9=
1638 610 1839 664 εὐθύμως
1866 614 1954 653 τῶν
1981 610 2122 665 ὄχλων
2149 614 2265 672 αὐτῷ
2279 629 2391 661 συμ-

312 677 612 727 εξισταμένων.
669 678 709 724 3,
738 677 802 726 68,
833 678 869 718 8.

307 745 625 792 συνεπιχειρεῖν
653 745 759 782 simul
787 745 924 782 adoriri
953 743 990 791 3,
1004 742 1068 792 84,
1090 743 1131 781 1.-
1159 738 1521 793 διαπεμψάμενος
1547 742 1654 793 πρὸς
1681 742 1775 791 τοὺς
1805 745 1851 785 ὲν
1878 748 1970 791 ταῖς
1999 742 2189 796 ἐνέδραις
2217 759 2384 790 συνεπ-

313 810 470 858 εχείρει
500 807 783 855 πανταχόθεν
812 802 901 857 ἅμα
928 810 1015 852 τοῖς
1045 806 1276 856 πολεμίοις.

317 872 749 922 συγκαθορμίζεσθαι
776 874 893 920 :simul
929 879 1070 920 portum
1109 879 1232 920 petere
1260 874 1300 921 5,
1336 874 1402 922 95,
1443 874 1493 912 3³
1534 872 1794 915 ἐπιπλέουσι
1840 877 1931 922 ταῖς
1976 877 2218 928 Ταυρίωνος
2264 879 2399 921 ναυσὶ

313 943 384 979 καὶ
413 939 866 993 συγκαθορμισθεῖσιν
896 930 950 983 ὦς
980 937 1125 989 φίλοις
1151 937 1259 989 μετὰ
1286 937 1500 988 τεττάρων
1531 937 1705 979 πλοίων.

316 1004 704 1056 συγκαταβιβάζειν,
735 1009 841 1043 simul
869 1007 1047 1044 deducere
1081 1006 1118 1049 5,
1151 1005 1215 1051 70,
1245 1005 1290 1043 8:
1333 1003 1710 1053 προκαλεσάμενος
1738 1002 1798 1051 εἰς
1825 1002 2140 1059 ἀκροβολισμὸν
2166 1005 2264 1052 τούς
2294 1004 2395 1049 ἀπό

310 1069 382 1122 τῆς
412 1071 581 1115 πόλεως
610 1074 679 1111 καὶ
711 1067 1086 1123 συγκαταβιβάσας
1113 1069 1188 1110 ἐπὶ
1218 1067 1329 1108 πολύ
1358 1067 1456 1113 τούς
1484 1068 1908 1119 προκινδυνεύοντας.

313 1135 642 1184 συγκατανεύειν
682 1140 786 1175 simul
826 1139 985 1175 adnuere
1013 1136 1079 1182 30,
1108 1137 1142 1184 1,
1173 1137 1215 1175 9:
1244 1134 1585 1189 μετεωρίζεσθαι
1613 1137 1684 1174 καὶ
1713 1137 2046 1184 συγκατανεύειν
2073 1142 2163 1186 τοῖς
2191 1135 2250 1184 εἷς
2277 1137 2383 1178 τοῦ-

311 1214 361 1238 το
390 1201 438 1240 τὸ
466 1205 595 1252 μέρος
624 1198 756 1241 αὗτόν
785 1200 1080 1251 παρορμῶσιν.
1138 1203 1175 1250 3,
1205 1203 1269 1251 52,
1301 1202 1336 1240 6.

314 1268 713 1317 συγκαταφθείρειν
751 1271 857 1308 simul
909 1269 1060 1315 perdere
1100 1268 1140 1314 9,
1185 1267 1251 1315 26,
1303 1267 1352 1306 6:
1405 1261 1595 1314 ἀγωνιῶν
1622 1264 1679 1318 μή
1721 1268 2072 1325 συγκαταφθείρῃ
2116 1268 2212 1314 τούς
2255 1267 2396 1313 ἰδίους

312 1330 586 1383 στρατιώτας.

312 1394 683 1446 συνυπερβάλλειν
712 1410 784 1435 una
812 1401 971 1435 transire
999 1398 1037 1445 4,
1065 1398 1132 1443 48,
1161 1397 1210 1435 6:
1238 1389 1328 1446 ἅμα
1356 1393 1487 1447 τούτῳ
1517 1393 1839 1446 συνυπερέβαλε
1867 1393 1942 1435 τὸν
1975 1394 2153 1448 Ταῦρον.

312 1463 595 1501 συνυπονοεῖν
624 1465 731 1500 simul
761 1465 924 1509 cogitare
952 1462 989 1508 4,
1017 1461 1082 1509 24,
1111 1461 1161 1498 2:
1187 1458 1284 1504 τούς
1314 1454 1547 1504 ἀκούοντας
1576 1456 1725 1507 αὖτοὺς
1750 1459 1828 1512 χρὴ
1856 1464 2153 1502 συνυπονοεῖν.

319 1525 658 1565 συνυποπτεύειν
694 1530 800 1565 simul
833 1530 1011 1573 suspicari
1053 1528 1114 1573 14,
1153 1527 1192 1572 4,
1234 1526 1283 1564 8:
1322 1524 1407 1562 τῶν
1446 1521 1661 1573 Νομάδων
1693 1519 1832 1570 οὗδεὶς
1860 1522 2008 1571 άπλῶς
2047 1526 2386 1570 συνυπώπτευσε

309 1590 358 1629 τό
389 1590 626 1642 γινόμενον.

760 1690 1111 1735 b.Simp1ieia
1152 1700 1246 1726 non
1287 1693 1402 1726 sunt
1447 1689 1606 1726 verba
1647 1689 1854 1726 Attica:

314 1774 628 1827 συνευδοκεῖν*)
659 1780 763 1815 simul
791 1780 961 1816 assentiri
989 1776 1054 1824 22,
1071 1776 1133 1821 13,
1152 1775 1196 1814 3.-
1226 1772 1548 1827 δυσαρεστεῖται
1567 1775 1656 1819 τοῖς
1677 1769 2011 1826 ᾠκονομημένοις
2041 1776 2110 1814 καὶ
2137 1774 2390 1817 συνευδοκεῖ

310 1843 400 1888 τοῖς
431 1834 513 1879 ὑπὸ
540 1839 768 1879 Καικιλίου
797 1839 1050 1892 λεγομένοις.
1108 1842 1146 1885 7,
1176 1841 1211 1886 1,
1243 1841 1276 1877 3.
1333 1840 1398 1884 23,
1429 1840 1466 1882 4,
1501 1840 1559 1878 13.
1616 1840 1683 1884 32,
1711 1840 1779 1886 21,
1806 1841 1841 1877 9.
1899 1842 2023 1886 simpl.
2065 1844 2169 1886 prim.
2208 1855 2265 1888 ap.
2297 1845 2391 1882 Pol.

311 1904 562 1950 συνοξύνειν
599 1910 706 1944 simul
738 1919 869 1944 acuere
913 1910 948 1953 6,
989 1906 1053 1954 22,
1095 1907 1142 1943 4:
1186 1901 1235 1943 τὸ
1271 1904 1445 1953 κέντρον
1474 1899 1548 1943 ἒπὶ
1574 1901 1732 1942 λεπτὸν
1760 1900 2092 1955 ὲξεληλασμένον
2121 1906 2191 1943 καὶ
2239 1915 2387 1944 συνω-

313 1970 520 2019 ξυσμένον
587 1973 717 2019 simpl.
746 1985 805 2019 ap.
836 1974 935 2019 Hdt.,
964 1973 1086 2019 Soph.,
1116 1972 1299 2017 Theophr.
1328 1976 1399 2008 etc.

312 2033 604 2074 συνδιανεύειν
633 2040 741 2074 simul
782 2048 822 2074 se
851 2043 1061 2073 convertere
1105 2036 1141 2081 1,
1170 2035 1234 2082 23,
1267 2035 1336 2073 10:
1382 2032 1522 2085 πάντη
1552 2034 1622 2070 καὶ
1651 2031 1822 2078 πάντως
1850 2029 2288 2085 άντιπεριισταμένων
2317 2034 2391 2076 καὶ

314 2099 681 2139 συνδιανευόντων
708 2097 795 2140 τῶν
824 2095 1025 2150 ὀργάνων,
1054 2097 1215 2152 ἔφυγον
1244 2094 1283 2139 οἱ
1313 2094 1610 2151 Καρχηδόνιοι.
1665 2098 1788 2137 Διαν.
1821 2100 1966 2136 verbum
1995 2101 2123 2147 script.
2151 2112 2227 2139 ree.
2255 2106 2323 2140 est.

313 2163 696 2210 συνεξακολουθεῖν
724 2168 831 2204 simul
859 2168 1038 2214 subsequi,
1067 2168 1250 2213 consequi,
1278 2167 1384 2203 simil.
1413 2164 1451 2209 3,
1494 2163 1582 2212 109,
1621 2164 1666 2201 9:
1721 2165 1791 2201 καὶ
1838 2162 1891 2201 τά
1930 2163 2395 2208 συνεξακολουθοῦντα

311 2227 489 2272 τούτοις.
547 2231 583 2272 3,
612 2231 677 2280 55,
706 2231 744 2269 3.
805 2232 839 2274 1,
870 2232 936 2278 31,
968 2233 1002 2269 7.
1058 2231 1095 2278 3,
1125 2231 1189 2278 63,
1221 2231 1281 2269 11.
1339 2230 1374 2278 7,
1407 2229 1471 2273 12,
1499 2228 1534 2266 3.
1596 2228 1657 2276 16,
1687 2226 1751 2276 27,
1775 2228 1811 2266 3.
1871 2228 1937 2273 18,
1958 2229 2018 2276 14,
2045 2230 2103 2268 15.
2164 2230 2227 2275 18,
2255 2231 2321 2279 15,
2355 2231 2395 2272 5.

315 2296 380 2342 18,
409 2283 474 2340 23,
506 2298 541 2334 9.
601 2296 663 2344 18,
693 2296 759 2344 32,
778 2296 854 2334 12.
911 2297 977 2338 24,
1010 2297 1072 2342 11,
1101 2297 1136 2335 5.
1194 2295 1259 2344 30,
1287 2295 1351 2343 21,
1381 2295 1416 2334 9.
1474 2294 1540 2341 32,
1574 2293 1634 2340 12,
1663 2294 1701 2332 4.
1757 2293 1821 2342 37,
1852 2294 1888 2340 7,
1919 2294 1945 2332 4
1957 2308 1968 2338 ³
2004 2291 2118 2338 ὲξακ.
2146 2303 2204 2333 est
2232 2298 2383 2335 verbum

313 2365 437 2410 script.
466 2373 539 2402 ree.

309 2425 740 2475 συνεπαγωνίζεσθαι
768 2429 874 2465 simui
902 2429 1022 2466 denuo
1051 2427 1241 2465 adversum
1269 2438 1348 2464 esse
1377 2426 1416 2472 3,
1447 2426 1535 2471 118,
1566 2426 1616 2465 6:
1660 2420 1807 2474 ὥσπερ
1839 2421 2145 2478 ἐπιμετροὺσης
2172 2426 2243 2464 καὶ
2274 2436 2386 2465 συν-

313 2491 679 2541 επαγωνιζομένης
706 2494 795 2536 τοῖς
823 2489 1019 2540 γεγονόσι
1046 2492 1120 2544 τῆς
1146 2490 1275 2542 τύχης.
1326 2485 1493 2539 'Euam
1522 2494 1653 2529 iterum
1681 2496 1835 2539 certare,
1863 2502 1922 2536 ap.
1952 2492 2076 2537 script.
2104 2502 2176 2532 rec.
2205 2493 2350 2540 legitur.

309 2557 602 2597 συνεπισείειν
639 2560 745 2597 simul
779 2563 972 2597 concutere
1007 2557 1180 2610 (coniect.
1216 2559 1259 2597 G.
1301 2559 1500 2595 Hermunui
1542 2555 1749 2605 probanda)
1786 2554 1852 2604 30,
1879 2555 1944 2603 14,
1984 2555 2035 2595 9:
2091 2549 2179 2604 ἅμα
2214 2554 2396 2605 τούτοις

312 2620 648 2668 ἐπικτυποῦντες
689 2618 731 2662 οἱ
769 2623 891 2673 χοροὶ
925 2624 996 2662 καὶ
1036 2618 1383 2667 συνεπισείοντες
1428 2618 1503 2673 τὴν
1537 2618 1692 2674 σκηνὴν
1726 2615 1992 2671 ἐπεφέροντο
2036 2622 2124 2666 τοῖς
2159 2620 2393 2669 ἐναντίοις.

308 2682 454 2728 Ἐπισ.
510 2702 568 2735 ap.
598 2691 718 2736 Hom,
748 2691 847 2737 Eur„
876 2692 968 2729 alios
997 2693 1036 2728 in
1067 2702 1133 2729 usu
1162 2695 1230 2729 est.

313 2750 729 2799 συνεξαποστέλλειν
757 2756 862 2793 simul
890 2757 1034 2793 mittere
1062 2755 1100 2804 5,
1125 2755 1189 2803 87,
1214 2754 1259 2793 6.·
1315 2754 1387 2793 καὶ
1415 2751 1583 2797 τούτοις
1609 2752 1690 2801 μὲν
1718 2749 2044 2801 ἐπικυρώσοντα
2072 2751 2147 2797 τάς
2176 2751 2398 2808 &alicuj

314 2818 669 2864 συνεξαπέστειλε
699 2818 916 2867 Σωσίβιον.
974 2820 1011 2863 8,
1040 2821 1105 2869 21,
1133 2821 1169 2861 6.
1227 2822 1266 2868 8,
1294 2821 1358 2870 32,
1387 2821 1423 2860 2.
1459 2819 1605 2867 22,18,
1639 2819 1698 2858 11.
1756 2817 1821 2864 23,
1856 2818 1888 2867 1,
1920 2818 1957 2858 2.
1995 2818 2059 2867 25,
2073 2819 2111 2866 2,
2124 2819 2159 2859 2.
2190 2820 2257 2866 29,
2283 2820 2323 2868 3,
2351 2821 2390 2860 7.

399 2939 430 2979 *)
454 2937 524 2971 Pol.
549 2939 583 2971 in
609 2938 723 2981 Stoph.
748 2937 834 2971 thes.
857 2947 921 2969 non
944 2939 1116 2980 profertur.
