2671 3352
1270 214 1298 258 6

195 342 232 382 6.
274 337 574 393 ἀπεμφαίνειν
603 344 815 382 dissimilem
845 354 934 387 esse,
973 353 1045 379 non
1073 343 1267 378 convenire
1298 343 1336 384 5,
1362 342 1428 389 47,
1459 340 1527 379 1οε
1581 337 1659 392 τὴν
1688 338 1908 391 σύγκρισιν
1935 338 2021 380 τῶν
2059 338 2248 389 ἀψύχων
2273 339 2371 385 τοῖς

280 401 492 460 ἐμψύχοις
522 402 892 456 ἀπεμφαίνουσαν
920 399 1034 448 ehtde
1063 403 1360 452 προσπίπτειν
1387 405 1478 450 τοῖς
1504 405 1755 454 θεωμένοις.

705 484 738 523 b.
780 482 1071 529 Simplicia
1110 493 1209 521 non
1255 482 1419 520 verba
1473 484 1657 521 Attica
1695 488 1844 523 sunt:

198 563 234 601 7.
265 557 566 609 ἀπονήχεσθαι
595 560 778 597 enatando
808 560 999 604 pervenire
1025 559 1074 596 ad
1106 557 1167 603 16,
1198 560 1232 603 3,
1263 556 1340 596 14:
1381 552 1625 606 ἀπενήξατο
1654 555 1764 607 πρὸς
1788 555 1866 609 τῆν
1895 555 2224 610 ὲπιβοηθοῦσαν
2251 552 2372 610 adca?

279 622 562 674 τριημιολίαν.
620 621 780 674 Νῆχειν
811 625 959 661 verbum
989 635 1055 670 pro
1085 622 1175 659 νεῖν
1201 623 1297 668 apud
1327 619 1453 667 posstas
1480 626 1609 659 exstat.

199 694 236 730 8.
277 685 505 728 ἀποθεοῦν
533 701 576 727 ex
604 690 791 726 hominum
820 699 971 726 numero
984 691 1022 726 in
1051 689 1138 725 deos
1166 687 1304 724 referre
1336 684 1400 733 12,
1413 684 1544 731 23‚4;
1576 679 1804 725 ἀποθεοῦν
1828 682 2118 739 Ἀλέξανδρον
2143 685 2381 740 ὲθουλῆθῃ.

286 752 427 792 Θεοῦν
456 756 524 792 hac
553 766 634 792 cum
665 756 815 792 notione
842 756 998 800 primum
1026 765 1069 790 ex
1099 754 1246 790 Oenom.
1276 752 1452 798 affertur3
1485 746 1640 787 θειοῦν
1667 762 1726 797 ap.
1744 752 1838 790 Plat.
1866 754 1935 799 leg.
1965 752 1991 791 6
2019 766 2054 800 p.
2085 754 2163 793 ’ΠΙ
2192 757 2224 793 Β
2256 757 2354 793 valet
2371 752 2383 776 ²

283 823 360 859 deis
390 830 616 859 consecrare.

942 894 1239 940 Polybiana
1279 893 1438 929 verba
1477 896 1613 929 sunt:

201 974 236 1009 9.
268 965 687 1018 ἀποδερματοῦσθαι
718 974 818 1007 corio
846 970 984 1016 privari
1015 968 1053 1014 6,
1078 968 1198 1014 25,7:
1229 963 1291 1016 (οἱ
1315 967 1486 1017 θυρεοὶ)
1515 960 1602 1003 ὕπὸ
1625 964 1712 1004 τῶν
1737 960 1910 1018 ὄμβρων
1937 964 2370 1019 ἀποδερματούμενοι

284 1032 541 1084 δύσχρηστοι
567 1035 771 1083 γίνονται.
814 1035 940 1080 simpl.
971 1045 1043 1071 non
1073 1038 1191 1070 exstat
1221 1035 1290 1070 uisi
1320 1033 1418 1078 apud
1447 1033 1602 1079 Hesych.
1632 1044 1660 1070 s.
1689 1044 1723 1070 v.
1753 1029 2054 1082 ῗσχαλωμέναι.

175 1099 236 1138 10.
280 1094 501 1149 ἀπουροῦν
540 1108 647 1137 vento
676 1113 698 1137 a
727 1105 830 1137 reeta
857 1100 917 1137 via
945 1099 1101 1136 distrahi
1116 1097 1179 1145 16,
1208 1097 1272 1145 15,
1302 1098 1354 1135 4:
1408 1094 1468 1139 εἷς
1495 1093 1571 1145 τὴν
1599 1093 1801 1134 Μυνδίαν
1830 1092 2172 1152 ἀπουριόσανιας
2200 1101 2374 1152 καθορ-

280 1163 507 1216 μισθῆναι.
568 1159 729 1214 Οῧροῦν
759 1177 830 1203 non
859 1169 990 1212 exstat,
1020 1167 1083 1201 sed
1114 1156 1312 1212 οὐρίζειν,
1342 1169 1449 1200 vento
1478 1164 1636 1200 secundo
1666 1165 1877 1210 provehere,
1906 1167 1954 1202 ad
1985 1170 2080 1211 poet.

176 1237 238 1271 11.
282 1227 548 1279 ἀπουραγεῖν
604 1244 626 1269 a
682 1238 787 1278 tergo
842 1242 972 1277 agmen
1030 1231 1174 1276 ducere,
1204 1234 1403 1267 extremum
1433 1239 1565 1275 agmen
1594 1229 1727 1267 ducere
1782 1228 1820 1277 3,
1849 1228 1916 1278 49,
1946 1230 2008 1270 13:
2069 1227 2379 1282 ἀπουραγὴσας

286 1292 465 1345 ἀσφαλῆ
495 1293 793 1344 παρεσκεύασε
823 1292 898 1344 τὴν
928 1291 1085 1333 δίοδον.
1139 1293 1176 1340 3,
1205 1296 1269 1341 47,
1302 1293 1335 1331 1.
1369 1293 1406 1339 5,
1437 1294 1474 1341 7,
1507 1296 1566 1331 11.
1623 1295 1660 1340 5,
1688 1293 1753 1340 23,
1785 1292 1848 1332 10.
1913 1293 1950 1340 6,
1978 1293 2044 1339 40,
2074 1298 2109 1335 7.
2169 1292 2379 1345 Οὗρανεῖν

283 1366 439 1408 primum
469 1374 526 1408 ap.
562 1364 636 1399 Pol.

832 1478 885 1522 B.
923 1478 1034 1521 Cum
1070 1476 1118 1522 vi
1153 1476 1367 1521 effectiva
1404 1481 1452 1521 et
1485 1476 1733 1522 intensiva.

870 1575 902 1600 a.
932 1564 1169 1608 Simplicia
1198 1568 1300 1599 sunt
1328 1565 1466 1600 verba
1494 1565 1673 1601 Attica:

176 1639 237 1677 12.
279 1634 629 1686 ἀποκαραδοκεῖν
668 1640 821 1675 sollicite
857 1643 1077 1683 exspectare,
1107 1640 1178 1674 nisi
1216 1649 1339 1683 praep.
1377 1633 1467 1674 ἀπό
1503 1641 1617 1676 solum
1652 1641 1854 1678 absentiam
1894 1639 2076 1685 quandam
2106 1642 2279 1685 exprimit
2317 1642 2378 1688 18,

282 1703 347 1749 48,
377 1705 420 1742 4:
452 1697 800 1754 ἀποκαραὸυκεῖν
826 1698 902 1752 τὴν
924 1695 1146 1749 Ἀντιόχου
1180 1700 1437 1750 παρουσίαν.
1470 1702 1532 1751 16,
1561 1702 1599 1750 2,
1629 1702 1664 1744 8.
1720 1703 1784 1752 21,
1809 1703 1874 1750 36,
1903 1704 1960 1752 3.,

175 1770 235 1807 13.
281 1765 606 1819 ἀπομαρτυρεῖν
639 1776 764 1815 aperte
794 1769 1009 1806 confirmare
1037 1769 1245 1804 testimonio
1288 1767 1352 1815 31,
1383 1770 1419 1815 7,
1448 1767 1523 1808 20:
1581 1762 2012 1821 ἂπομαρτυρησαντες
2043 1770 2156 1808 πᾶσι
2184 1772 2274 1816 τοῖς
2307 1769 2381 1821 τῆς

293 1834 526 1886 συγκλήτου
556 1832 743 1882 δόγμασι
772 1833 1175 1884 πεπειθαρχηκέναι
1203 1829 1299 1878 τοὺς
1320 1825 1527 1878 ςΡοδίους.
1585 1834 1650 1879 31,
1684 1834 1745 1882 18,
1773 1839 1808 1874 4.
1866 1836 1931 1883 32,
1965 1842 1998 1884 1,
2028 1839 2063 1875 2.

185 1912 247 1947 14·
292 1899 605 1944 ‹inonto‘vez5etv
660 1911 810 1947 prorsus
867 1899 1050 1938 confidere
1113 1899 1150 1946 3,
1203 1900 1267 1947 71,
1302 1898 1344 1937 2:
1411 1895 1453 1936 οἱ
1510 1892 1718 1947 Ῥωμαῖοι
1772 1901 1860 1944 τοῖς
1916 1897 2140 1943 ἐπιπέδοις
2195 1899 2380 1952 (τόποις)

286 1966 592 2009 ἀπεπίστευον.

902 2043 1115 2079 Verbum
1166 2043 1507 2088 Polybianum
1544 2050 1638 2079 est:

177 2114 253 2165 15·ss
283 2108 591 2159 ἀπολοιδορεῖν
626 2121 707 2147 cum
737 2110 895 2146 clamore
924 2110 1116 2153 increpare
1149 2107 1210 2153 15,
1240 2106 1305 2153 34,
1335 2106 1378 2145 4:
1433 2104 1520 2142 τῶν
1549 2103 1825 2145 ἀκουσάντων
1854 2102 1891 2144 οἳ
1934 2108 2014 2155 μὲν
2053 2101 2370 2160 ἀπελοιδόρουν

290 2172 434 2215 αὐτόν.

582 2254 614 2291 b.
645 2252 793 2296 simpl.
823 2262 906 2287 non
935 2255 1035 2286 suut
1064 2250 1199 2286 verba
1230 2250 1340 2297 Att.,·
1373 2249 1627 2295 Polybiane.
1655 2250 1791 2286 verba
1819 2254 1937 2287 sunt:

182 2320 245 2361 16.
286 2313 620 2357 ἀποθινοῦσθαι
650 2315 710 2366 (ex
741 2315 853 2352 subst.
881 2311 1109 2361 θίς,θινός
1138 2315 1361 2360 derivatum)
1391 2323 1524 2349 arenae
1552 2324 1687 2359 aggere
1699 2315 1806 2359 plane
1821 2316 1963 2360 oppleri
1997 2317 2031 2361 1,
2059 2314 2123 2359 75,
2142 2314 2184 2351 8:
2218 2313 2382 2351 συνθε-

287 2381 458 2434 ωρὴσας
488 2376 843 2429 ἀποθινούμενον
871 2376 920 2415 τὸ
952 2374 1090 2426 στόμα
1120 2374 1212 2426 (τοῦ
1244 2374 1470 2426 ποταμοῦ).
1502 2379 1628 2424 simpl.
1657 2389 1729 2415 non
1758 2382 1887 2417 exstat,

177 2455 237 2491 17.
281 2445 669 2498 ἀποξυστροῦσθαι
696 2446 736 2497 (a
750 2448 861 2484 subst.
879 2441 1036 2492 ξύστρα
1057 2442 1220 2493 ductum)
1250 2446 1402 2490 strigilis
1432 2445 1538 2482 modo
1560 2445 1725 2483 hebetem
1748 2445 1826 2482 fieri
1856 2443 2034 2491 2,33,3:
2064 2440 2130 2491 (αἱ
2147 2442 2380 2495 μάχαιραι)

286 2509 452 2559 εὐθέως
479 2506 854 2562 ἀποξυστροῦνται
883 2505 1187 2558 καμπτόμεναι
1218 2539 1226 2547 .
1283 2510 1408 2557 simpl.
1432 2520 1505 2548 non
1535 2513 1664 2550 exstat.

1226 2613 1322 2654 Διά.

1083 2694 1138 2738 A.
1173 2694 1280 2751 Per,
1320 2698 1462 2736 trans.

873 2792 903 2817 a.
936 2781 1173 2824 Simplicia
1202 2783 1306 2816 sunt
1335 2779 1474 2815 verba
1504 2779 1678 2815 Attica:

206 2860 239 2899 1.
282 2854 577 2906 διακολυμβᾶν
607 2857 729 2895 nando
759 2856 918 2893 transire
948 2856 995 2893 ad
1025 2856 1062 2902 5,
1092 2856 1158 2901 46,
1188 2856 1236 2892 8:
1279 2850 1494 2892 πλειόνων
1524 2849 1909 2901 διακολυμβοίντων
1939 2850 2033 2902 (τὸν
2066 2852 2231 2903 Τίγριν)
2269 2848 2380 2900 πρὸς

287 2918 428 2961 αῧτόν.
486 2924 611 2969 Simpl.
643 2922 698 2959 bis
727 2931 786 2968 ap.
816 2921 910 2958 Plat.
