2671 3352
232 726 322 784 De
362 725 451 784 eis
490 724 694 784 verbis
734 743 868 783 cum
906 722 1456 801 praepositionibus
1495 723 1858 799 compositis,
1900 742 2052 800 quae
2092 744 2127 782 a
2163 724 2420 802 Polybio

1025 817 1159 895 ipso
1197 822 1418 877 novata
1458 823 1616 878 sunt.

424 1018 515 1077 Cum
544 1033 693 1070 libertas
724 1033 891 1071 Graecis
919 1036 1046 1078 erepta
1060 1035 1166 1078 esset,
1195 1033 1322 1078 lingua
1350 1042 1476 1069 eorum
1501 1034 1634 1070 sensim
1663 1033 1864 1079 depravata
1895 1038 1961 1079 est,
1991 1044 2071 1071 eum
2101 1045 2171 1080 pro
2200 1036 2420 1080 incorrupta

232 1100 364 1138 Graeci
393 1100 568 1137 sermonis
595 1100 809 1145 integritate
838 1099 1036 1144 scriptores
1065 1096 1329 1134 consuetudine
1358 1098 1490 1134 vitiosa
1518 1101 1555 1134 et
1582 1101 1754 1144 corrupta
1781 1099 1833 1134 uti
1862 1099 2078 1145 inciperent.
2135 1099 2231 1137 Nam
2260 1111 2342 1137 cum
2375 1112 2419 1137 ex

232 1166 294 1203 illo
323 1169 486 1210 tempore
512 1164 637 1211 lingua
656 1164 797 1211 Attica,
825 1175 895 1210 qua
923 1162 1116 1199 clarissimi
1145 1161 1369 1200 Graecorum
1400 1164 1596 1209 scriptores
1625 1163 1738 1201 libros
1766 1167 1921 1209 optimos
1949 1166 2255 1212 conscripserant,
2284 1170 2322 1203 et
2351 1177 2419 1212 per

231 1234 346 1269 totam
374 1229 567 1269 Graeciam
595 1232 633 1266 et
660 1237 725 1275 per
766 1227 1035 1274 Macedoniam,
1078 1226 1234 1274 Syriam,
1259 1228 1464 1275 Aegyptum
1497 1229 1643 1275 vulgata
1671 1233 1765 1266 esset
1805 1240 1919 1276 neque
1947 1231 2063 1268 solum
2095 1232 2133 1268 in
2162 1241 2227 1269 ore
2255 1234 2419 1269 omnium

231 1298 466 1343 Graecorum,
493 1294 557 1332 sed
585 1295 695 1331 etiam
724 1294 918 1330 multarum
939 1293 1180 1330 barbarorum
1209 1294 1372 1339 gentium
1399 1298 1506 1341 esset,
1536 1295 1712 1340 paulatim
1740 1296 1776 1332 in
1804 1296 1902 1333 illam
1931 1306 2010 1333 cum
2025 1297 2120 1334 aliae
2149 1297 2408 1334 vocabulorum

232 1363 372 1401 formae
400 1366 438 1399 et
464 1361 642 1398 dictiones
670 1370 762 1406 quae
791 1360 962 1397 dicuntur
989 1363 1066 1395 tum
1094 1360 1168 1396 alia
1196 1370 1340 1405 qnoque
1369 1361 1546 1398 vocabula
1574 1362 1798 1406 irrepserunt
1826 1366 1864 1399 et
1891 1373 1972 1399 cum
2017 1373 2062 1399 ea
2091 1364 2289 1400 commixta
2317 1368 2413 1408 sunt,

233 1433 273 1466 ut
301 1428 423 1466 multis
452 1426 569 1464 modis
597 1426 687 1463 haec
716 1425 876 1471 vulgaris
903 1425 1030 1471 lingua
1067 1415 1108 1474 (ἦ
1152 1421 1284 1474 κοινή,
1329 1418 1520 1475 {limem}
1559 1421 1808 1475 διάλεκτος),
1849 1428 1952 1464 cuius
1985 1428 2141 1474 vestigia
2180 1429 2337 1474 primum
2380 1430 2420 1466 iu

232 1495 375 1542 Polybii
403 1493 549 1538 scriptis
577 1492 857 1528 luculentissime
886 1495 1164 1536 cognoscuntur,
1193 1503 1216 1527 a
1255 1492 1381 1537 lingua
1420 1494 1545 1529 Attica
1574 1493 1719 1529 diversa
1758 1498 1864 1531 esset.
1921 1494 2042 1540 Atque
2079 1495 2118 1531 in
2146 1494 2243 1531 hanc
2272 1494 2421 1540 Polybii

232 1560 490 1598 vocabulorum
518 1558 659 1602 copiam
688 1557 874 1602 aliquanto
903 1557 1113 1601 diligentius
1149 1556 1333 1602 inquirere
1362 1556 1452 1592 mibi
1479 1558 1704 1602 propositum
1731 1561 1796 1595 est.
1854 1557 1926 1594 Sed
1955 1558 2061 1594 huius
2090 1561 2265 1595 materiae
2296 1569 2419 1596 rerum

234 1630 271 1663 et
299 1626 425 1670 copiae
453 1623 657 1660 uberrimae
685 1623 730 1659 de
755 1622 886 1666 exigua
913 1625 1054 1657 tantum
1083 1624 1188 1666 parte
1218 1626 1369 1666 propter
1396 1622 1468 1658 loci
1495 1623 1729 1667 exiguitatem
1756 1623 1932 1659 disseram
1946 1628 1983 1659 et
2002 1624 2273 1671 demonstrabo,
2302 1636 2417 1670 quan—¹

234 1694 313 1727 tum
340 1691 379 1727 in
407 1689 528 1726 verbis
556 1698 647 1734 quae
676 1697 755 1724 cum
785 1685 1116 1733 praepositionibus
1136 1686 1333 1723 coniuncta
1353 1690 1437 1723 sunt
1456 1685 1657 1724 formandis
1675 1687 1845 1734 Polybius
1858 1688 2041 1734 discrepet
2065 1700 2146 1725 cum
2169 1690 2410 1734 scriptoribus

236 1754 532 1794 antecedentibus
561 1756 624 1789 aut
642 1763 722 1789 cum
751 1751 1012 1789 recentioribus
1036 1755 1215 1797 congruat
1229 1755 1294 1788 aut
1321 1751 1368 1789 ab
1398 1755 1553 1798 utraque
1592 1757 1697 1797 parte
1725 1752 1890 1790 diversus
1918 1754 1976 1798 sit,
2006 1754 2197 1800 omniaque
2225 1764 2270 1791 ea
2298 1754 2416 1791 verba

237 1821 422 1866 copulata,
451 1828 555 1865 quae,
594 1817 890 1862 inscriptionibus
920 1818 1108 1861 neglectis,
1135 1819 1290 1861 primum
1330 1817 1427 1862 apud
1461 1817 1650 1863 Polybium
1676 1818 1715 1853 in
1744 1828 1811 1853 usu
1840 1821 1934 1863 sunt,
1963 1818 2191 1855 enumerabo.
2259 1818 2340 1863 Qua
2379 1820 2419 1854 in

237 1885 446 1933 quaestione
474 1883 676 1921 videbimus
704 1893 873 1929 magnum
908 1892 987 1919 esse
1021 1892 1211 1919 numerum
1245 1892 1370 1920 eorum
1401 1882 1591 1920 verborum
1630 1884 1922 1929 compositorum,
1959 1894 2050 1930 quae
2094 1884 2191 1930 apud
2220 1884 2415 1931 Polybium

237 1963 346 1988 unum
383 1953 589 1996 occurrunt,
617 1950 799 1995 multoque
836 1949 1008 1985 maiorem
1037 1958 1174 1995 eorum,
1204 1958 1297 1994 quae
1326 1948 1373 1985 ab
1409 1949 1471 1985 illo
1511 1949 1566 1985 vel
1595 1954 1702 1993 parta
1737 1950 1792 1985 vel
1822 1960 1863 1985 ex
1893 1937 2093 1987 communis
2121 1951 2299 1987 sermonis
2328 1960 2416 1987 con-

237 2016 430 2054 suetudine
458 2017 602 2061 sumpta
629 2018 666 2051 et
693 2016 731 2050 in
760 2013 920 2060 linguam
952 2013 1129 2050 Graecam
1159 2013 1306 2051 inducta
1335 2023 1357 2050 a
1384 2015 1647 2060 posterioribus
1686 2024 1825 2061 quoque
1866 2015 2116 2061 scriptoribus,
2156 2016 2355 2062 praecipue
2401 2026 2425 2052 a

238 2082 421 2127 Diodoro,
450 2081 659 2126 Plutarcho,
689 2080 860 2124 Josepho,
891 2089 1011 2114 rerum
1043 2089 1227 2115 sacrarum
1257 2080 1317 2124 qui
1345 2079 1516 2115 dicuntur
1544 2080 1780 2122 scriptoribus
1808 2079 1975 2115 adbibita
2005 2083 2101 2116 sunt.

438 2144 546 2183 Cuius
574 2145 629 2182 rei
657 2145 872 2190 gravissima
901 2153 1022 2191 causa,
1052 2153 1116 2180 cur
1145 2147 1248 2181 tanta
1259 2144 1308 2180 sit
1336 2144 1441 2189 copia
1470 2143 1661 2180 verborum
1689 2145 1983 2192 compositorum,
2012 2155 2140 2191 quaea
2160 2144 2313 2192 Polybio
2342 2147 2423 2191 ipso

236 2215 373 2248 novata
401 2214 497 2257 sunt,
524 2210 572 2247 ad
599 2210 704 2247 huius
732 2209 915 2246 scribendi
942 2209 1124 2246 rationem
1152 2208 1347 2246 referenda
1375 2213 1448 2257 est3
1489 2219 1598 2255 quam
1631 2209 1890 2247 dilucidissime
1914 2211 2011 2247 enim
2024 2209 2232 2255 legentibus
2260 2220 2304 2247 ea
2334 2220 2427 2256 quae

250 2280 378 2313 narrat
407 2276 588 2322 explicare
615 2278 653 2312 et
679 2278 764 2312 ante
792 2275 915 2311 oculos
943 2283 1079 2320 ponere
1107 2273 1229 2310 studet
1256 2283 1451 2320 omnesque
1482 2274 1614 2312 docere
1643 2275 1729 2322 vult,
1758 2285 1831 2311 non
1856 2275 1971 2312 solum
2008 2274 2176 2312 homines
2203 2274 2331 2312 doctos
2363 2276 2426 2313 sed

245 2342 356 2378 etiam
387 2341 565 2387 indoctos,
593 2343 633 2377 ut
660 2341 797 2387 optima
826 2348 991 2386 quaeque
1032 2339 1196 2384 exempla
1223 2338 1292 2376 sibi
1322 2338 1369 2375 ad
1404 2339 1618 2377 imitandum
1648 2343 1854 2386 proponant
1881 2339 2075 2386 idoneique
2103 2338 2210 2386 fiant,
2250 2341 2312 2386 qui
2341 2350 2426 2378 vere

237 2406 283 2443 de
311 2407 421 2443 rebus
433 2407 684 2452 praesentibus
703 2407 861 2443 iudicent
890 2409 1060 2450 recteque
1081 2415 1146 2441 sua
1157 2403 1278 2441 officia
1305 2404 1450 2449 publica
1464 2409 1660 2449 praestent.
1701 2407 1781 2451 Qua
1808 2416 1849 2442 re
1877 2416 1960 2442 cnm
1990 2407 2108 2442 minus
2137 2406 2176 2442 id
2205 2409 2355 2452 spectet,
2385 2410 2427 2442 ut

238 2475 367 2508 ornate
383 2471 483 2509 dicat
493 2481 601 2518 quam
614 2475 654 2508 ut
663 2472 852 2517 perspicue
864 2481 924 2508 res
936 2470 1133 2512 describat,
1149 2480 1230 2506 cum
1260 2479 1367 2515 saepe
1386 2459 1520 2515 magua
1538 2470 1704 2510 ubertate
1732 2475 1871 2518 narrat,
1900 2475 1941 2508 ut
1969 2471 2092 2508 multis
2107 2471 2198 2508 locis
2210 2481 2334 2508 eorum
2362 2473 2425 2517 qui

238 2535 362 2581 legunt
376 2536 508 2574 animis
516 2537 719 2574 molestiam
730 2536 871 2583 afferat,
882 2540 959 2573 tum
966 2546 1096 2581 graves
1108 2534 1282 2581 quasdam
1290 2535 1456 2572 notiones
1470 2536 1589 2581 sumit,
1602 2546 1694 2582 quae
1705 2547 1830 2574 sensus
1843 2537 2040 2583 legentium
2049 2540 2221 2573 moveant
2232 2546 2427 2582 eorumque

237 2602 370 2637 animis
387 2601 560 2638 facillime
572 2602 846 2647 concipiantur,
874 2603 998 2648 itaque
1011 2610 1084 2637 non
1097 2602 1226 2637 mirum
1253 2604 1319 2648 est,
1334 2601 1429 2645 quod
1442 2602 1541 2638 nulla
1568 2603 1786 2639 necessitate
1815 2607 1962 2640 coactus
1992 2602 2112 2639 verbis
2135 2602 2424 2646 praepositiones

238 2665 413 2713 praefigit
429 2667 478 2706 ad
491 2669 671 2705 rationem
692 2667 873 2714 quandam
884 2667 1134 2714 indicandam,
1147 2677 1238 2713 quae
1248 2677 1292 2704 ex
1304 2667 1751 2714 continuationeserieque
1777 2680 1898 2706 rerum
1927 2670 2017 2705 satis
2029 2668 2258 2712 intellegitur
2275 2672 2339 2704 aut
2354 2669 2429 2705 alio

236 2730 345 2769 modo
355 2732 428 2770 iam
441 2731 645 2780 significata
673 2736 753 2780 est3
784 2737 892 2782 atque
923 2732 1054 2771 horum
1085 2732 1275 2771 verborum
1291 2743 1358 2770 usu
1376 2731 1548 2781 Polybius
1577 2734 1681 2772 valde
1710 2745 1733 2772 a
1760 2731 1875 2781 posstis
1904 2733 2038 2778 differt,
2078 2733 2139 2780 qui
2167 2742 2239 2770 uno
2253 2732 2429 2772 vocabulo

239 2799 404 2836 notiones
432 2800 554 2846 plures
581 2801 788 2847 exprimunt
815 2803 853 2837 et
880 2810 957 2837 rem
987 2800 1046 2836 vel
1073 2792 1253 2836 actionem
1281 2799 1462 2846 quandam
1489 2800 1592 2846 quasi
1621 2800 1837 2846 depingunt.
1893 2800 1965 2837 Sed
1993 2803 2118 2835 tamen
2140 2798 2254 2835 multa
2279 2809 2423 2846 quoque

236 2863 351 2902 verba
377 2869 579 2911 composita
608 2867 796 2913 aPolybio
827 2865 920 2904 ficta
952 2869 1107 2912 exstant,
1136 2867 1171 2902 in
1196 2867 1327 2912 quibus
1353 2866 1613 2911 praepositioni
1627 2866 1736 2910 plena
1765 2867 1818 2903 vis
1846 2866 2009 2903 subiecta
2036 2869 2110 2909 est,
2140 2868 2248 2910 atque
2278 2876 2433 2911 magnus

2120 2937 2133 2968 1
2150 2936 2169 2957 *
