2671 3352
1283 180 1312 220 4

201 308 337 344 horum
355 308 548 344 verborum
569 317 739 343 numerus
760 311 928 344 natusest
959 317 1001 343 ex
1030 308 1220 352 scriptoris
1248 308 1369 344 studio
1398 306 1580 343 conflandi
1609 311 1646 343 et
1663 307 1853 343 coartandi
1872 308 1909 344 in
1939 318 2059 354 unum,
2083 318 2173 354 quae
2200 310 2398 356 scriptores

201 377 348 410 veteres
378 383 542 410 seorsum
569 376 832 419 expresserant.

401 448 531 493 Neque
559 448 680 484 minus
708 448 834 493 gravis
865 457 986 488 causa,
1017 456 1082 483 cur
1110 450 1185 482 tam
1215 446 1362 483 diversa
1391 457 1415 483 a
1455 448 1580 492 lingua
1609 447 1733 483 Attica
1761 445 1903 493 Polybii
1935 447 2047 485 verba
2084 450 2278 487 coniuncta
2315 450 2400 498 siut,

200 525 223 551 a
260 518 397 550 natura
425 514 572 559 linguae
601 513 761 557 vulgaris
775 513 975 558 repetenda
1002 516 1067 550 est.
1124 513 1220 550 Nam
1249 513 1394 558 quodin
1423 514 1548 558 lingua
1573 513 1726 559 Graeca,
1756 517 1796 548 nt
1825 514 1860 548 in
1883 515 1981 550 omni
2005 514 2140 562 lingua,
2168 526 2260 563 quae
2287 516 2403 554 mult-a

202 589 271 625 per
302 579 449 615 saecula
477 579 514 613 in
545 588 610 613 usu
640 577 720 624 fuit,
734 577 997 623 posterioribus
1026 578 1251 622 temporibus
1289 588 1369 613 cnm
1399 577 1656 614 vocabulorum
1686 577 1968 623 significationes
1994 583 2179 618 mutantur
2201 585 2277 619 tum
2290 583 2401 620 verba

205 645 412 689 composita
440 654 484 679 ex
514 643 776 689 antiquissimis
804 643 1029 688 temporibus
1058 646 1204 688 usitata,
1236 647 1276 679 ut
1303 644 1462 679 omnium
1492 653 1556 680 ore
1568 644 1668 689 trita,
1697 644 1838 688 plenam
1868 654 1969 680 suam
1999 646 2070 681 vim
2099 647 2268 684 amittunt
2297 651 2334 684 et
2361 649 2399 684 in

208 710 391 756 simplicis
422 709 524 746 verbi
555 710 740 746 notionem
771 709 1002 755 delabuntur,
1032 709 1077 745 ad
1108 710 1259 746 eandem
1289 710 1508 746 sententiam
1537 709 1809 755 exprimendam
1837 711 1990 747 alteram
2029 712 2210 758 quandam
2246 723 2400 759 praepo·

206 776 381 812 sitionem
412 775 523 811 verbo
553 775 754 819 composito
786 774 923 811 addere
952 775 1147 819 scriptores
1177 775 1400 811 recentiores
1427 777 1619 818 coguntur.
1675 773 1757 810 Huc
1785 774 1938 820 accedit,
1977 775 2074 821 quod
2101 776 2262 822 vulgaris
2303 778 2400 814 illius

202 841 359 885 linguae
389 842 508 877 oratio
538 851 610 876 non
640 840 755 876 solum
785 840 990 884 linguarum
1006 839 1240 885 Graec-arum,
1270 839 1334 875 sed
1363 840 1477 876 ctiam
1510 831 1682 885 generum
1699 840 1842 876 dicendi
1872 843 2009 877 variam
2039 842 2219 878 rationem
2247 843 2400 890 miscuit,

208 911 251 943 ut
280 907 465 952 simplicia
480 902 520 949 *)
550 907 743 942 multorum
776 905 967 941 verborum
997 911 1019 940 a
1048 903 1200 950 Polybio
1241 908 1453 941 novatorum
1483 910 1519 941 et
1547 905 1644 950 apud
1674 904 1900 942 Herodotum
1939 909 2047 951 atque
2075 905 2334 952 Hippocratem
2364 912 2401 943 et

200 973 301 1018 apud
331 975 456 1016 poetas
485 975 522 1007 et
558 971 655 1016 apud
686 969 920 1015 philosophos
948 970 1126 1013 legantur.

400 1047 523 1092 Atque
552 1045 745 1082 verborum
760 1045 902 1090 copiam
930 1053 996 1089 pro
1024 1045 1135 1080 variis
1155 1045 1465 1089 praepositionum
1480 1045 1698 1090 notionibus,
1712 1055 1926 1091 quamquam
1956 1055 2224 1091 nonnumquam
2254 1047 2400 1083 difficile

209 1116 267 1148 est
298 1113 400 1148 dictu
429 1122 500 1157 qua
531 1112 563 1146 vi
594 1110 817 1155 praepositio
847 1109 990 1153 singula
1019 1109 1130 1145 verba
1164 1109 1312 1154 afficiat,
1341 1110 1395 1145 ita
1417 1109 1620 1156 disponam,
1648 1114 1699 1155 ut,
1728 1120 1808 1145 cum
1836 1120 1977 1156 semper
2005 1120 2049 1146 ea
2079 1111 2187 1148 verba
2200 1112 2400 1158 composita

207 1189 303 1225 quae
332 1178 429 1222 apud
460 1187 569 1213 unum
600 1175 791 1222 Polybium
822 1178 1017 1211 occurrunt
1046 1177 1247 1220 separatim
1285 1185 1503 1222 enumerem,
1543 1176 1667 1221 priore
1706 1176 1786 1212 loco
1827 1186 1870 1212 ea
1910 1176 2021 1212 verba
2058 1176 2207 1214 afferam
2249 1188 2398 1223 quorum

211 1244 396 1290 simplicia
436 1254 459 1281 a
499 1243 624 1286 lingua
668 1242 792 1278 Attica
841 1252 911 1279 nou
955 1242 1074 1278 aliena
1116 1244 1210 1287 sunt,
1251 1241 1381 1278 deinde
1422 1252 1466 1278 ea
1518 1252 1669 1287 quorum
1710 1243 1889 1288 simplicia
1928 1253 1951 1279 a
1990 1243 2227 1288 scriptoribus
2266 1245 2400 1280 Atticis

199 1310 414 1347 abhorrent.

1246 1374 1365 1419 Ἀνά.

408 1470 450 1506 In
482 1470 610 1513 paucis
644 1470 700 1504 bis
731 1468 850 1504 verbis
879 1478 902 1504 a
932 1468 1083 1514 Polybio
1114 1470 1256 1504 novatis
1286 1470 1546 1514 praepositioni
1577 1462 1663 1504 α’νοὶ
1695 1469 1907 1514 principalis
1936 1470 2035 1506 notio
2064 1469 2236 1516 „hinauf‘
2265 1470 2397 1508 subest.

197 1536 291 1573 Sunt
321 1540 442 1571 autem
472 1535 588 1571 haec:

240 1602 278 1639 1.
307 1593 751 1649 ἀναστρατοπεδεύειν
781 1602 900 1635 castra
919 1608 1064 1635 movere
1095 1599 1130 1644 3,
1151 1600 1302 1645 110‚4:
1332 1591 1798 1648 ἀναστρατοπεδεύσας
1819 1594 1987 1647 προῆγε.
2020 1599 2054 1646 1,
2085 1597 2148 1647 24,
2166 1602 2203 1638 4.
2233 1599 2347 1648 4‚18,
2362 1600 2398 1639 9.

217 1669 278 1704 ·2.
308 1659 537 1712 ἀνατήκειν
565 1665 785 1709 liquefacere
814 1662 851 1708 2,
883 1662 945 1708 16,
977 1665 1023 1700 9:
1051 1660 1110 1698 τιῖ
1113 1675 1137 1699 ν
1166 1656 1493 1711 ἄνατηκομένων
1518 1659 1684 1710 χιόνων.

928 1740 1035 1783 Apud
1065 1750 1173 1774 unum
1203 1740 1392 1784 Polybium
1421 1741 1674 1776 inveniuntur:

234 1809 272 1845 3.
302 1799 567 1843 ἅνασάττειν
596 1804 747 1851 implere
761 1799 821 1853 **)
855 1802 916 1851 12,
945 1802 996 1841 25
1020 1800 1054 1850 h,
1086 1806 1130 1841 2:
1159 1800 1243 1840 τῶν
1271 1796 1632 1852 ἆνασεσαγμένων
1661 1799 1878 1842 θυλάκιον.

234 1876 273 1910 4.
303 1864 606 1917 α’νασωρειῖειν
635 1874 820 1906 exstruere
861 1868 897 1916 8,
934 1868 998 1917 35,
1039 1869 1085 1907 5:
1127 1867 1200 1906 τοῦ
1239 1866 1336 1916 χοὰς
1364 1864 1756 1919 α’νασωρευομένου.
1825 1869 1887 1916 16,
1918 1870 1979 1916 11,
2010 1871 2057 1917 43
2099 1872 2250 1918 simplex
2290 1871 2395 1909 huius

313 1937 421 1975 verbi
444 1937 491 1973 ab
523 1936 724 1973 Aristotele
752 1936 904 1981 aliisque
932 1937 1170 1981 scriptoribus
1200 1935 1461 1972 recentioribus
1479 1939 1686 1980 usurpatur.

1238 2026 1365 2069 Ἀντί.

1163 2110 1218 2153 Α.
1255 2108 1440 2154 Contra.

829 2196 861 2222 a.
905 2184 1180 2229 Simplicia
1221 2190 1335 2222 sunt
1376 2185 1531 2221 verba.
1571 2185 1775 2223 Attica:

240 2269 274 2303 1.
307 2259 633 2309 ἅντοικοδομεῖν
662 2262 887 2298 eontrarium
916 2261 1134 2298 contendere
1161 2259 1225 2306 32,
1256 2261 1290 2306 7,
1324 2259 1395 2298 16:
1448 2256 1573 2308 χάριν
1612 2255 1688 2296 τοῦ
1727 2255 1837 2308 πρὸς
1871 2255 2005 2309 μηδὲν
2033 2254 2395 2310 ἀντιφιλονεικεῖν

309 2330 363 2380 τῇ
389 2324 616 2378 συγκλήτῳ.
673 2327 711 2372 3,
746 2328 834 2374 103,
865 2326 903 2364 7.

228 2394 269 2434 2.
311 2389 638 2440 ἀντοικοδομεῖν
668 2396 797 2430 contra
825 2396 1022 2439 exstruere,
1051 2393 1191 2428 munire
1223 2391 1257 2438 1,
1291 2390 1355 2437 42,
1402 2390 1471 2429 12:
1516 2382 1834 2438 ἆντοικοδομῶν
1861 2384 2050 2439 ἀπορίαν
2091 2390 2267 2439 παρεῖχε
2305 2390 2396 2434 τοῖς

312 2452 601 2499 ὕπεναντίοις.
663 2457 726 2503 16,
754 2456 820 2504 30,
849 2456 874 2495 6
902 2462 972 2497 etc.

228 2526 267 2564 3.
315 2520 718 2572 α’ντιπαρακεῖσθαι
748 2528 875 2560 contra
910 2525 1017 2559 situm
1047 2533 1126 2558 esse
1171 2523 1207 2568 3,
1238 2523 1301 2566 37,
1332 2523 1377 2557 7.·
1432 2515 1457 2568 ἢ
1486 2508 1670 2567 Εῧρῶπη
1705 2517 1881 2563 ταύταις
1907 2516 2174 2570 ἀμφοτέραις
2200 2517 2395 2568 (χώραις)

311 2584 684 2638 ἀντιπαράκειται.

228 2662 265 2698 4,
312 2652 645 2703 ἅντιπεριιὶγειν
675 2657 711 2692 in
742 2656 964 2692 contrarium
996 2658 1208 2692 convertere
1238 2652 1273 2697 1,
1305 2654 1368 2699 22,
1397 2654 1445 2690 8:
1476 2645 1852 2699 ἅντιπεριάγοντες
1878 2647 1953 2693 τοὶς
1981 2646 2174 2698 ἐμβολάς.

398 2808 427 2840 *ι
455 2806 521 2839 Ubi
548 2805 587 2838 do
613 2804 718 2837 verbis
742 2803 944 2846 simplicibus
969 2802 1050 2842 dico,
1075 2812 1138 2834 non
1164 2801 1267 2834 solum
1291 2811 1365 2833 vora
1390 2800 1485 2833 verba
1519 2800 1678 2844 simplicia
1701 2799 1864 2843 intellego,
1904 2799 1959 2832 sed
1990 2799 2087 2832 etiam
2124 2809 2159 2832 ea
2190 2799 2285 2833 verba
2308 2808 2392 2832 eom-

206 2863 319 2907 posita
344 2863 393 2895 vel
418 2860 652 2904 decomposita,
677 2859 796 2902 quibus
819 2857 975 2899 Polybius
997 2857 1132 2888 alteram
1156 2855 1204 2888 vel
1228 2857 1358 2888 tertiam
1383 2855 1652 2898 praepositionem
1675 2855 1811 2888 addidit.

392 2917 443 2943 Νι
471 2916 686 2948 Desideratur
707 2914 741 2945 in
766 2912 879 2956 Steph.
904 2911 985 2943 thes*
